<?xml version="1.0" encoding="UTF-8"?><collection xmlns="http://www.loc.gov/MARC21/slim"><record><leader>00466nam--2200169-i-4500</leader><controlfield tag="001">000016127</controlfield><controlfield tag="002">20161230</controlfield><controlfield tag="005">20161230201031</controlfield><controlfield tag="008">060222s1000------------r-----000-0-eng-d</controlfield><datafield ind1=" " ind2=" " tag="040"><subfield code="a">IFIN-HH</subfield></datafield><datafield ind1=" " ind2=" " tag="080"><subfield code="a">537.611.44(043)</subfield></datafield><datafield ind1="1" ind2=" " tag="100"><subfield code="a">Braun, P.B</subfield></datafield><datafield ind1="1" ind2="0" tag="245"><subfield code="a">The crystal structures of a new group of ferromagnetic compounds</subfield><subfield code="b">These</subfield><subfield code="c">P.b. braun</subfield></datafield><datafield ind1=" " ind2=" " tag="260"><subfield code="a">Amsterdam</subfield><subfield code="b">Universiteit</subfield><subfield code="c">1956</subfield></datafield><datafield ind1=" " ind2=" " tag="300"><subfield code="a">67 P</subfield></datafield><datafield ind1=" " ind2=" " tag="852"><subfield code="a">76996</subfield><subfield code="c">539.2</subfield></datafield><datafield ind1=" " ind2=" " tag="CAT"><subfield code="a">Sys</subfield><subfield code="c">20121127</subfield><subfield code="h">122558</subfield></datafield></record></collection>